<record><leader>01061cam a2200301 a 4500</leader><controlfield tag="001">1397874</controlfield><controlfield tag="008">910827s1985    ncu      b        0 eng d</controlfield><datafield ind1=" " ind2=" " tag="010"><subfield code="a">   84043237</subfield></datafield><datafield ind1=" " ind2=" " tag="020"><subfield code="a">0899501591 (pbk.)</subfield></datafield><datafield ind1=" " ind2=" " tag="035"><subfield code="a">ocm12236517</subfield></datafield><datafield ind1=" " ind2=" " tag="040"><subfield code="a">DLC</subfield><subfield code="b">eng</subfield><subfield code="c">DLC</subfield></datafield><datafield ind1=" " ind2=" " tag="049"><subfield code="a">AEU</subfield><subfield code="b">eng</subfield></datafield><datafield ind1="0" ind2="0" tag="050"><subfield code="a">GV1201</subfield><subfield code="b">.J46 1985</subfield></datafield><datafield ind1="0" ind2=" " tag="082"><subfield code="a">794</subfield><subfield code="2">19</subfield></datafield><datafield ind1="0" ind2=" " tag="090"><subfield code="a">GV 1201 J54 1985</subfield></datafield><datafield ind1="1" ind2=" " tag="100"><subfield code="a">Jennings, Linda,</subfield><subfield code="d">1946-</subfield></datafield><datafield ind1="1" ind2="0" tag="245"><subfield code="a">Best games :</subfield><subfield code="b">188 active and quiet, simple and sophisticated, games for preschoolers through adults /</subfield><subfield code="c">Linda Jennings, Mary L. Lamp, Jerome Stenberg.</subfield></datafield><datafield ind1=" " ind2=" " tag="260"><subfield code="a">Jefferson, N.C. :</subfield><subfield code="b">McFarland,</subfield><subfield code="c">c1985.</subfield></datafield><datafield ind1=" " ind2=" " tag="300"><subfield code="a">vi, 135 p. ;</subfield><subfield code="c">23 cm.</subfield></datafield><datafield ind1=" " ind2=" " tag="336"><subfield code="a">text</subfield><subfield code="b">txt</subfield><subfield code="2">rdacontent</subfield></datafield><datafield ind1=" " ind2=" " tag="337"><subfield code="a">unmediated</subfield><subfield code="b">n</subfield><subfield code="2">rdamedia</subfield></datafield><datafield ind1=" " ind2=" " tag="338"><subfield code="a">volume</subfield><subfield code="b">nc</subfield><subfield code="2">rdacarrier</subfield></datafield><datafield ind1=" " ind2=" " tag="504"><subfield code="a">Bibliography: p. 133-135.</subfield></datafield><datafield ind1=" " ind2=" " tag="596"><subfield code="a">41</subfield></datafield><datafield ind1=" " ind2="0" tag="650"><subfield code="a">Games</subfield><subfield code="v">Handbooks, manuals, etc.</subfield></datafield><datafield ind1="1" ind2=" " tag="700"><subfield code="a">Lamp, Mary L.</subfield></datafield><datafield ind1="1" ind2=" " tag="700"><subfield code="a">Stenberg, Jerome,</subfield><subfield code="d">1955-</subfield></datafield><datafield ind1=" " ind2=" " tag="926"><subfield code="a">GV 1201 J54 1985</subfield><subfield code="w">LC</subfield><subfield code="c">1</subfield><subfield code="i">000037556958</subfield><subfield code="d">6/28/2006</subfield><subfield code="e">6/17/2006</subfield><subfield code="l">CURRICULUM</subfield><subfield code="m">UAEDUC</subfield><subfield code="n">62</subfield><subfield code="p">$150.00</subfield><subfield code="r">Y</subfield><subfield code="s">Y</subfield><subfield code="t">BOOK</subfield><subfield code="u">9/11/1991</subfield></datafield></record>